[gd_scene load_steps=5 format=2]

[ext_resource path="res://theme.tres" type="Theme" id=1]
[ext_resource path="res://scenes/Main.gd" type="Script" id=2]
[ext_resource path="res://scenes/CayButton.tscn" type="PackedScene" id=3]
[ext_resource path="res://scenes/Hud.tscn" type="PackedScene" id=4]

[node name="Main" type="Control"]
anchor_right = 1.0
anchor_bottom = 1.0
theme = ExtResource( 1 )
script = ExtResource( 2 )

[node name="BG" type="ColorRect" parent="."]
anchor_right = 1.0
anchor_bottom = 1.0

[node name="CayButton" parent="." instance=ExtResource( 3 )]

[node name="TabContainer" type="TabContainer" parent="."]
anchor_right = 1.0
anchor_bottom = 1.0
margin_top = 600.0
rect_min_size = Vector2( 0, 600 )

[node name="Eşyalar" type="ScrollContainer" parent="TabContainer"]
anchor_right = 1.0
anchor_bottom = 1.0
margin_top = 69.0
scroll_horizontal_enabled = false

[node name="VBoxContainer" type="VBoxContainer" parent="TabContainer/Eşyalar"]
margin_right = 720.0
size_flags_horizontal = 3
custom_constants/separation = 5

[node name="İyileştirmeler" type="VBoxContainer" parent="TabContainer"]
visible = false
anchor_right = 1.0
anchor_bottom = 1.0
margin_top = 69.0

[node name="VBoxContainer" type="VBoxContainer" parent="TabContainer/İyileştirmeler"]
margin_right = 712.0
size_flags_horizontal = 3
custom_constants/separation = 5

[node name="Hud" parent="." instance=ExtResource( 4 )]

[node name="SaveTimer" type="Timer" parent="."]
wait_time = 5.0
autostart = true
[connection signal="pressed" from="CayButton" to="." method="_on_cay_button_pressed"]
[connection signal="timeout" from="SaveTimer" to="." method="_on_SaveTimer_timeout"]
