[gd_resource type="Theme" load_steps=12 format=2]

[ext_resource path="res://assets/Inter-UI-Regular.otf" type="DynamicFontData" id=1]

[sub_resource type="StyleBoxFlat" id=3]
bg_color = Color( 0, 0.505882, 0.541176, 1 )

[sub_resource type="StyleBoxFlat" id=2]
bg_color = Color( 0.25098, 0.294118, 0.411765, 1 )

[sub_resource type="StyleBoxFlat" id=4]
bg_color = Color( 0.156863, 0.192157, 0.286275, 1 )

[sub_resource type="StyleBoxFlat" id=5]
content_margin_left = 20.0
content_margin_right = 20.0
content_margin_top = 15.0
content_margin_bottom = 15.0
bg_color = Color( 0.156863, 0.192157, 0.286275, 0.52549 )
corner_radius_top_left = 5
corner_radius_top_right = 5

[sub_resource type="StyleBoxFlat" id=6]
content_margin_left = 20.0
content_margin_right = 20.0
content_margin_top = 15.0
content_margin_bottom = 15.0
bg_color = Color( 0.156863, 0.192157, 0.286275, 1 )
corner_radius_top_left = 5
corner_radius_top_right = 5

[sub_resource type="StyleBoxFlat" id=10]
bg_color = Color( 0.156863, 0.192157, 0.286275, 1 )

[sub_resource type="StyleBoxFlat" id=9]
bg_color = Color( 0.156863, 0.192157, 0.286275, 1 )

[sub_resource type="StyleBoxFlat" id=11]
bg_color = Color( 0, 0.505882, 0.541176, 1 )

[sub_resource type="StyleBoxFlat" id=7]
content_margin_left = 10.0
content_margin_right = 10.0
bg_color = Color( 0.909804, 0.917647, 0.964706, 1 )

[sub_resource type="DynamicFont" id=1]
size = 32
use_filter = true
font_data = ExtResource( 1 )

[resource]
default_font = SubResource( 1 )
Button/colors/font_color = Color( 0, 0, 0, 1 )
Button/colors/font_color_disabled = Color( 0.9, 0.9, 0.9, 0.2 )
Button/colors/font_color_hover = Color( 0.941176, 0.941176, 0.941176, 1 )
Button/colors/font_color_pressed = Color( 1, 1, 1, 1 )
Button/constants/hseparation = 2
Button/fonts/font = null
Button/styles/disabled = null
Button/styles/focus = null
Button/styles/hover = SubResource( 3 )
Button/styles/normal = SubResource( 2 )
Button/styles/pressed = null
Label/colors/font_color = Color( 0.921569, 0.929412, 0.952941, 1 )
Label/colors/font_color_shadow = Color( 0, 0, 0, 0.352941 )
Label/colors/font_outline_modulate = Color( 1, 1, 1, 1 )
Label/constants/line_spacing = 3
Label/constants/shadow_as_outline = 0
Label/constants/shadow_offset_x = 2
Label/constants/shadow_offset_y = 2
Label/fonts/font = null
Label/styles/normal = null
TabContainer/colors/font_color_bg = Color( 1, 1, 1, 1 )
TabContainer/colors/font_color_disabled = Color( 0.9, 0.9, 0.9, 0.2 )
TabContainer/colors/font_color_fg = Color( 1, 1, 1, 1 )
TabContainer/constants/hseparation = 4
TabContainer/constants/label_valign_bg = 4
TabContainer/constants/label_valign_fg = 0
TabContainer/constants/side_margin = 8
TabContainer/constants/top_margin = 24
TabContainer/fonts/font = null
TabContainer/icons/decrement = null
TabContainer/icons/decrement_highlight = null
TabContainer/icons/increment = null
TabContainer/icons/increment_highlight = null
TabContainer/icons/menu = null
TabContainer/icons/menu_highlight = null
TabContainer/styles/panel = SubResource( 4 )
TabContainer/styles/tab_bg = SubResource( 5 )
TabContainer/styles/tab_disabled = null
TabContainer/styles/tab_fg = SubResource( 6 )
VScrollBar/icons/decrement = null
VScrollBar/icons/decrement_highlight = null
VScrollBar/icons/increment = null
VScrollBar/icons/increment_highlight = null
VScrollBar/styles/grabber = SubResource( 10 )
VScrollBar/styles/grabber_highlight = SubResource( 9 )
VScrollBar/styles/grabber_pressed = SubResource( 11 )
VScrollBar/styles/scroll = SubResource( 7 )
VScrollBar/styles/scroll_focus = null
